<record><leader>00000cas a2200000 a 4500</leader><controlfield tag="001">10867751</controlfield><controlfield tag="008">840621d187u1uuuinuwr ne      0    0eng c</controlfield><datafield ind1=" " ind2=" " tag="010"><subfield code="a">sn 84027095 </subfield></datafield><datafield ind1=" " ind2=" " tag="040"><subfield code="a">NPU</subfield><subfield code="b">eng</subfield><subfield code="c">NPU</subfield><subfield code="d">NPX</subfield><subfield code="d">NPI</subfield><subfield code="d">NYS</subfield><subfield code="d">OCLCQ</subfield><subfield code="d">OCLCF</subfield><subfield code="d">OCLCO</subfield></datafield><datafield ind1="1" ind2=" " tag="029"><subfield code="a">AU@</subfield><subfield code="b">000020335565</subfield></datafield><datafield ind1=" " ind2=" " tag="042"><subfield code="a">pcc</subfield></datafield><datafield ind1=" " ind2=" " tag="043"><subfield code="a">n-us-in</subfield></datafield><datafield ind1="0" ind2=" " tag="130"><subfield code="a">Anderson herald (Anderson, Ind. : Weekly)</subfield></datafield><datafield ind1="1" ind2="4" tag="245"><subfield code="a">The Anderson herald.</subfield></datafield><datafield ind1=" " ind2=" " tag="250"><subfield code="a">Weekly ed.</subfield></datafield><datafield ind1=" " ind2=" " tag="260"><subfield code="a">Anderson, Ind. :</subfield><subfield code="b">Hardesty &amp; Littlefield</subfield></datafield><datafield ind1=" " ind2=" " tag="300"><subfield code="a">v. :</subfield><subfield code="b">ill. (chiefly advertisements) ;</subfield><subfield code="c">70 cm.</subfield></datafield><datafield ind1=" " ind2=" " tag="310"><subfield code="a">Weekly</subfield></datafield><datafield ind1=" " ind2=" " tag="500"><subfield code="a">Publishers: Stephen Metcalf, 1873-1876; Metcalf &amp; Kinnard, &lt;1876&gt;.</subfield></datafield><datafield ind1=" " ind2=" " tag="500"><subfield code="a">"Republican."</subfield></datafield><datafield ind1=" " ind2=" " tag="500"><subfield code="a">Editors: Stephen Metcalf, William M. Kinnard, &lt;1876&gt;.</subfield></datafield><datafield ind1=" " ind2=" " tag="580"><subfield code="a">Absorbed: Register (Anderson, Ind.) (non-extant?). Cf. Notice of consolidation, Anderson herald, Sept. 1, 1876.</subfield></datafield><datafield ind1=" " ind2=" " tag="580"><subfield code="a">Published also in daily eds. called: Morning herald (Anderson, Ind.); Daily herald (Anderson, Ind.); Anderson morning herald; and: Anderson herald (Anderson, Ind. : Daily).</subfield></datafield><datafield ind1=" " ind2=" " tag="588"><subfield code="a">Description based on: Vol. 5, no. 19 (Nov. 1, 1872).</subfield></datafield><datafield ind1=" " ind2="0" tag="651"><subfield code="a">Anderson (Ind.)</subfield><subfield code="v">Newspapers.</subfield></datafield><datafield ind1=" " ind2="0" tag="651"><subfield code="a">Madison County (Ind.)</subfield><subfield code="v">Newspapers.</subfield></datafield><datafield ind1=" " ind2="7" tag="655"><subfield code="a">Newspapers.</subfield><subfield code="2">fast</subfield><subfield code="0">(OCoLC)fst01423814</subfield></datafield><datafield ind1=" " ind2="7" tag="651"><subfield code="a">Indiana</subfield><subfield code="z">Anderson.</subfield><subfield code="2">fast</subfield><subfield code="0">(OCoLC)fst01203002</subfield></datafield><datafield ind1=" " ind2="7" tag="651"><subfield code="a">Indiana</subfield><subfield code="z">Madison County.</subfield><subfield code="2">fast</subfield><subfield code="0">(OCoLC)fst01205328</subfield></datafield><datafield ind1=" " ind2=" " tag="752"><subfield code="a">United States</subfield><subfield code="b">Indiana</subfield><subfield code="c">Madison</subfield><subfield code="d">Anderson.</subfield></datafield><datafield ind1="1" ind2=" " tag="775"><subfield code="t">Morning herald (Anderson, Ind.)</subfield><subfield code="w">(DLC)sn 87056759</subfield><subfield code="w">(OCoLC)17277021</subfield></datafield><datafield ind1="1" ind2=" " tag="775"><subfield code="t">Daily herald (Anderson, Ind.)</subfield><subfield code="w">(DLC)sn 86058386</subfield><subfield code="w">(OCoLC)13317250</subfield></datafield><datafield ind1="1" ind2=" " tag="775"><subfield code="t">Anderson morning herald</subfield><subfield code="w">(DLC)sn 86058387</subfield><subfield code="w">(OCoLC)13317271</subfield></datafield><datafield ind1="1" ind2=" " tag="775"><subfield code="t">Anderson herald (Anderson, Ind. : Daily)</subfield><subfield code="w">(DLC)sn 84045515</subfield><subfield code="w">(OCoLC)10345024</subfield></datafield><datafield ind1="0" ind2="0" tag="780"><subfield code="t">Herald (Anderson, Ind. : 1868)</subfield><subfield code="w">(DLC)sn 82014311</subfield><subfield code="w">(OCoLC)8797405</subfield></datafield><datafield ind1="1" ind2="5" tag="780"><subfield code="t">Register (Anderson, Ind.)</subfield><subfield code="g">1876</subfield></datafield><datafield ind1="0" ind2="0" tag="785"><subfield code="t">Anderson weekly herald</subfield><subfield code="w">(DLC)sn 87056731</subfield><subfield code="w">(OCoLC)17277068</subfield></datafield></record>